% Encoding: UTF-8

@CommentMisc{label,
  author = {Author},
  title  = {{Title}},
  year   = {Year},
  url    = {URL},
}

@Misc{Wassereigenschaften,
  author       = {Wikipedia},
  title        = {{Eigenschaften des Wassers}},
  year         = {2019},
  howpublished = {Online},
  url          = {https://de.wikipedia.org/w/index.php?title=Eigenschaften_des_Wassers&oldid=189351524},
  urldate      = {2019-06-17},
}

@Misc{Waermeuebergang,
  author       = {Anton Schweizer},
  title        = {{Wärmeübergang}},
  year         = {2019},
  howpublished = {Online},
  url          = {https://www.schweizer-fn.de/waerme/waermeuebergang/waerme_uebergang.php},
  urldate      = {2019-06-17},
}

@Misc{Betonwiderstand,
  author       = {Rüdiger Paschotta},
  title        = {{Wärmeleitfähigkeit}},
  year         = {2019},
  howpublished = {Online},
  url          = {https://www.energie-lexikon.info/waermeleitfaehigkeit.html},
  urldate      = {2019-06-17},
}

@Misc{Waermekoeffizient,
  author       = {Heiner Grimm},
  title        = {{Wärmeleitfähigkeit}},
  year         = {2006},
  date         = {2006-04-27},
  howpublished = {Online},
  url          = {http://www.wissenschaft-technik-ethik.de/wasser_eigenschaften.html#kap091},
  urldate      = {2019-06-17},
}

@Misc{EnergieDerSonne,
  author       = {{Bibliographisches Institut GmbH}},
  title        = {{Energie der Sonne}},
  year         = {2010},
  howpublished = {Online},
  url          = {https://www.lernhelfer.de/schuelerlexikon/physik/artikel/energie-der-sonne},
  urldate      = {2019-06-17},
}

@Misc{WasserVerdunsten,
  author       = {Daniel Steuber and Sarina Haschek},
  title        = {{Verdunstung von Wasser}},
  year         = {2013},
  date         = {2013-06-30},
  howpublished = {Online},
  url          = {https://imsc.uni-graz.at/keeling/modI_ss13/projekten/HaschekSteuberBericht.pdf},
  urldate      = {2019-06-17},
}

@Comment{jabref-meta: databaseType:biblatex;}
